@article {GLIA:GLIA10,
author = {Anderson, Christopher M. and Swanson, Raymond A.},
title = {Astrocyte glutamate transport: Review of properties, regulation, and physiological functions},
journal = {Glia},
volume = {32},
number = {1},
publisher = {John Wiley & Sons, Inc.},
issn = {1098-1136},
url = {http://dx.doi.org/10.1002/1098-1136(200010)32:1<1::AID-GLIA10>3.0.CO;2-W},
doi = {10.1002/1098-1136(200010)32:1<1::AID-GLIA10>3.0.CO;2-W},
pages = {1--14},
keywords = {astrocyte, GLT-1, GLAST, regulation, uptake reversal, glutamate transport, energetics, EAAT1, EAAT2},
year = {2000},
}
