
@article{rozin_mass_1977,
	title = {Mass {Reaction} {Time}: {Measurement} of the {Speed} of the {Nerve} {Impulse} and the {Duration} of {Mental} {Processes} in {Class}},
	volume = {4},
	issn = {0098-6283},
	shorttitle = {Mass {Reaction} {Time}},
	url = {http://www.tandfonline.com/doi/abs/10.1207/s15328023top0402_15},
	doi = {10.1207/s15328023top0402_15},
	number = {2},
	urldate = {2015-11-29},
	journal = {Teaching of Psychology},
	author = {Rozin, Paul and Jonides, John},
	month = apr,
	year = {1977},
	pages = {91--94},
	file = {Snapshot:/Users/rick/Library/Application Support/Zotero/Profiles/isqcn0ks.default/zotero/storage/VN3FAZMI/s15328023top0402_15.html:text/html}
}