@article{peplow2013structure,
  title={Structure: the anatomy of sleep},
  author={Peplow, Mark},
  journal={Nature},
  volume={497},
  number={7450},
  pages={S2--S3},
  year={2013},
  publisher={Nature Publishing Group}
}
@article{klemm2011does,
  title={Why does REM sleep occur? A wake-up hypothesis},
  author={Klemm, WR},
  journal={Frontiers in systems neuroscience},
  volume={5},
  year={2011},
  publisher={Frontiers Media SA}
}
@article{mcgregor2010illuminating,
  title={Illuminating the locus coeruleus: control of posture and arousal},
  author={McGregor, Ronald and Siegel, Jerome M},
  journal={Nature neuroscience},
  volume={13},
  number={12},
  pages={1448--1449},
  year={2010},
  publisher={Nature Publishing Group}
}
@article{hobson2002cognitive,
  title={The cognitive neuroscience of sleep: neuronal systems, consciousness and learning},
  author={Hobson, J Allan and Pace-Schott, Edward F},
  journal={Nature Reviews Neuroscience},
  volume={3},
  number={9},
  pages={679--693},
  year={2002},
  publisher={Nature Publishing Group}
}