
@article{milner_discovery_1989,
	series = {The {Neural} {Basis} of {Reward} and {Reinforcement}: {A} {Conference} in {Honour} of {Peter} {M}. {Milner}},
	title = {The discovery of self-stimulation and other stories},
	volume = {13},
	issn = {0149-7634},
	url = {http://www.sciencedirect.com/science/article/pii/S0149763489800132},
	doi = {10.1016/S0149-7634(89)80013-2},
	abstract = {The author's recollections of the events leading to the discovery of rewarding brain stimulation at McGill University in 1953, with a history of his subsequent attempts to find a learning theory congruent with the phenomenon.},
	number = {2â€“3},
	urldate = {2015-10-19},
	journal = {Neuroscience \& Biobehavioral Reviews},
	author = {Milner, Peter M.},
	year = {1989},
	keywords = {Brain-stimulation reward, History, Learning theory, Reinforcement, Septal area},
	pages = {61--67},
	file = {ScienceDirect Snapshot:/Users/rick/Library/Application Support/Zotero/Profiles/isqcn0ks.default/zotero/storage/6BAGXTPC/S0149763489800132.html:text/html}
}